%YAML 1.1
%TAG !u! tag:unity3d.com,2011:
--- !u!1001 &100100000
Prefab:
  m_ObjectHideFlags: 1
  serializedVersion: 2
  m_Modification:
    m_TransformParent: {fileID: 0}
    m_Modifications: []
    m_RemovedComponents: []
  m_SourcePrefab: {fileID: 0}
  m_RootGameObject: {fileID: 1727877671432252}
  m_IsPrefabAsset: 1
--- !u!1 &1727877671432252
GameObject:
  m_ObjectHideFlags: 0
  m_CorrespondingSourceObject: {fileID: 0}
  m_PrefabInternal: {fileID: 100100000}
  serializedVersion: 6
  m_Component:
  - component: {fileID: 4657116775130412}
  - component: {fileID: 20053170044374444}
  - component: {fileID: 114838863655624012}
  - component: {fileID: 114416044193473468}
  - component: {fileID: 114104195169027488}
  - component: {fileID: 114885158316177488}
  - component: {fileID: 114060409560927296}
  m_Layer: 0
  m_Name: Camera_INGAME
  m_TagString: MainCamera
  m_Icon: {fileID: 0}
  m_NavMeshLayer: 0
  m_StaticEditorFlags: 0
  m_IsActive: 1
--- !u!4 &4657116775130412
Transform:
  m_ObjectHideFlags: 1
  m_CorrespondingSourceObject: {fileID: 0}
  m_PrefabInternal: {fileID: 100100000}
  m_GameObject: {fileID: 1727877671432252}
  m_LocalRotation: {x: 0.13077554, y: -0, z: -0, w: 0.99141204}
  m_LocalPosition: {x: -105.93354, y: 28.897167, z: -92.54522}
  m_LocalScale: {x: 1, y: 1, z: 1}
  m_Children: []
  m_Father: {fileID: 0}
  m_RootOrder: 0
  m_LocalEulerAnglesHint: {x: 15.029, y: 0, z: 0}
--- !u!20 &20053170044374444
Camera:
  m_ObjectHideFlags: 1
  m_CorrespondingSourceObject: {fileID: 0}
  m_PrefabInternal: {fileID: 100100000}
  m_GameObject: {fileID: 1727877671432252}
  m_Enabled: 1
  serializedVersion: 2
  m_ClearFlags: 1
  m_BackGroundColor: {r: 0.19215687, g: 0.3019608, b: 0.4745098, a: 0}
  m_projectionMatrixMode: 1
  m_SensorSize: {x: 36, y: 24}
  m_LensShift: {x: 0, y: 0}
  m_FocalLength: 50
  m_NormalizedViewPortRect:
    serializedVersion: 2
    x: 0
    y: 0
    width: 1
    height: 1
  near clip plane: 0.3
  far clip plane: 1000
  field of view: 50
  orthographic: 0
  orthographic size: 5
  m_Depth: -1
  m_CullingMask:
    serializedVersion: 2
    m_Bits: 4294967295
  m_RenderingPath: 3
  m_TargetTexture: {fileID: 0}
  m_TargetDisplay: 0
  m_TargetEye: 3
  m_HDR: 1
  m_AllowMSAA: 1
  m_AllowDynamicResolution: 0
  m_ForceIntoRT: 0
  m_OcclusionCulling: 1
  m_StereoConvergence: 10
  m_StereoSeparation: 0.022
--- !u!114 &114060409560927296
MonoBehaviour:
  m_ObjectHideFlags: 1
  m_CorrespondingSourceObject: {fileID: 0}
  m_PrefabInternal: {fileID: 100100000}
  m_GameObject: {fileID: 1727877671432252}
  m_Enabled: 1
  m_EditorHideFlags: 0
  m_Script: {fileID: 11500000, guid: d0d52f2f86433f0448a786c54bb297bf, type: 3}
  m_Name: 
  m_EditorClassIdentifier: 
  isFading: 0
  isPanning: 0
  pausePan: 0
  waitTimeBeforePanning: 2.5
  maxPanSpeed: 25
  panSmoothening: 1
  fadeColor: {r: 0, g: 0, b: 0, a: 1}
  fadeStep: 0.01
--- !u!114 &114104195169027488
MonoBehaviour:
  m_ObjectHideFlags: 1
  m_CorrespondingSourceObject: {fileID: 0}
  m_PrefabInternal: {fileID: 100100000}
  m_GameObject: {fileID: 1727877671432252}
  m_Enabled: 1
  m_EditorHideFlags: 0
  m_Script: {fileID: 11500000, guid: d42b621c991011d4ba0f99674302ca78, type: 3}
  m_Name: 
  m_EditorClassIdentifier: 
  isDefaultListener: 1
  listenerId: 0
--- !u!114 &114416044193473468
MonoBehaviour:
  m_ObjectHideFlags: 1
  m_CorrespondingSourceObject: {fileID: 0}
  m_PrefabInternal: {fileID: 100100000}
  m_GameObject: {fileID: 1727877671432252}
  m_Enabled: 1
  m_EditorHideFlags: 0
  m_Script: {fileID: 11500000, guid: 4993709fbb7daeb488996c186f91f460, type: 3}
  m_Name: 
  m_EditorClassIdentifier: 
  m_listeners:
    initialListenerList: []
    useDefaultListeners: 1
  isEnvironmentAware: 0
  isStaticObject: 0
  m_positionOffsetData:
    KeepMe: 0
    positionOffset: {x: 0, y: 0, z: 0}
  m_posOffsetData: {fileID: 0}
  listenerMask: 1
--- !u!114 &114838863655624012
MonoBehaviour:
  m_ObjectHideFlags: 1
  m_CorrespondingSourceObject: {fileID: 0}
  m_PrefabInternal: {fileID: 100100000}
  m_GameObject: {fileID: 1727877671432252}
  m_Enabled: 1
  m_EditorHideFlags: 0
  m_Script: {fileID: 11500000, guid: 49c73dc2a3a775640b9bc60a0767546f, type: 3}
  m_Name: 
  m_EditorClassIdentifier: 
  deferredFog: {fileID: 4800000, guid: b2b7ba68500d71b4aafb7f11d4044cff, type: 3}
--- !u!114 &114885158316177488
MonoBehaviour:
  m_ObjectHideFlags: 1
  m_CorrespondingSourceObject: {fileID: 0}
  m_PrefabInternal: {fileID: 100100000}
  m_GameObject: {fileID: 1727877671432252}
  m_Enabled: 1
  m_EditorHideFlags: 0
  m_Script: {fileID: 11500000, guid: d74aed3252966e94791c99530f0f3d68, type: 3}
  m_Name: 
  m_EditorClassIdentifier: 
  _player: {fileID: 0}
  _world: {fileID: 0}
  _threshold: 0.5
  _thresholdSmoothening: 0.054
  _lerpBetweenPoints: 0
  shouldFollow: 1
  _maxCameraDistance: 30
  _minCameraDistance: 10
  _zoomSpeed: 0.02
  _zoomSmoothening: 0.5
  allowMouseAndKeyboard: 1
  focusPointPosition: {x: 0, y: 0, z: 0}
